
@article{benari1981branching,
    title={The Temporal Logic of Branching Time},
    author={Ben-Ari, Mordechai and Manna, Zohar and Pnueli, Amir},
    year={1981},
    }

@book{ben2012mathematical,
	title={Mathematical logic for computer science},
	author={Ben-Ari, Mordechai},
	year={2012},
	publisher={Springer Science \& Business Media}
}

@book{ryan2004logic,
	title={Logic in Computer Science},
	author={Huth, Michael and Ryan, Mark},
	year={2004},
	publisher={Cambridge University Press}
}

@misc{ArtaleSlide,
    title={Formal Methods Lecture IV: Computation Tree Logic (CTL)},
    author={Artale, Alessandro},
    url = {http://www.inf.unibz.it/~artale/FM/slide4.pdf}, 
    notes = {acessado em 23/10/2015}
    }